@inproceedings{meantime,
  author = {Anne Farrell and Henry Hoffmann},
  title = {{MEANTIME}: Achieving Both Minimal Energy and Timeliness with
    Approximate Computing},
  booktitle = {USENIX ATC},
  year = 2016,
}

@inproceedings{packandcap,
 author = {Cochran, Ryan and Hankendi, Can and Coskun, Ayse K. and Reda, Sherief},
 title = {Pack \& Cap: adaptive DVFS and thread packing under power caps},
 booktitle = {MICRO},
 year = {2011},
} 

@inproceedings{YDS,
  author    = {F. Frances Yao and
               Alan J. Demers and
               Scott Shenker},
  title     = {A Scheduling Model for Reduced {{CPU}} Energy},
  booktitle = {FOCS},
  year      = {1995},
  }

@inproceedings{Rangan2009,
 author = {Rangan, Krishna K. and Wei, Gu-Yeon and Brooks, David},
 title = {Thread motion: fine-grained power management for multi-core systems},
 booktitle = {ISCA},
 year = {2009}
} 
@inproceedings{CoScale,
  title={Coscale: Coordinating cpu and memory system dvfs in server systems},
  author={Deng, Qingyuan and Meisner, David and Bhattacharjee, Abhishek and Wenisch, Thomas F and Bianchini, Ricardo},
  booktitle={MICRO},
  removed_pages={143--154},
  year={2012},
  removed_organization={IEEE}
}
@article{MemScale,
 author = {Deng, Qingyuan and Meisner, David and Ramos, Luiz and Wenisch, Thomas F. and Bianchini, Ricardo},
 title = {MemScale: Active Low-power Modes for Main Memory},
 journal = {SIGPLAN Not.},
 issue_date = {April 2012},
 volume = {47},
 number = {4},
 month = mar,
 year = {2011},
 removed_issn = {0362-1340},
 removed_pages = {225--238},
 removed_numpages = {14},
 removed_url = {http://doi.acm.org/10.1145/2248487.1950392},
 removed_doi = {10.1145/2248487.1950392},
 acmid = {1950392},
 publisher = {ACM},
 removed_address = {New York, NY, USA},
 removed_keywords = {dynamic voltage and frequency scaling, energy conservation, memory subsystem},
} 

@inproceedings{Diniz2007,
 author = {Diniz, Bruno and Guedes, Dorgival and Meira,Jr., Wagner and Bianchini, Ricardo},
 title = {Limiting the power consumption of main memory},
 booktitle = {ISCA},
 year = {2007},
} 

@inproceedings{packandcap-old,
 author = {Cochran, Ryan and Hankendi, Can and Coskun, Ayse K. and Reda, Sherief},
 title = {Pack \& Cap: adaptive DVFS and thread packing under power caps},
 booktitle = {MICRO},
 year = {2011},
} 

@inproceedings{Venkatesh2010,
 author = {Venkatesh, Ganesh and Sampson, Jack and Goulding, Nathan and Garcia, Saturnino and Bryksin, Vladyslav and Lugo-Martinez, Jose and Swanson, Steven and Taylor, Michael Bedford},
 title = {Conservation cores: reducing the energy of mature computations},
 booktitle = {ASPLOS},
 year = {2010}
 }

@inproceedings{DaSi2011,
 author = {Esmaeilzadeh, Hadi and Blem, Emily and St. Amant, Renee and Sankaralingam, Karthikeyan and Burger, Doug},
 title = {Dark silicon and the end of multicore scaling},
 booktitle = {ISCA},
 year = {2011},
} 
@inproceedings{minirank,
 author = {Zheng, Hongzhong and Lin, Jiang and Zhang, Zhao and Gorbatov, Eugene and David, Howard and Zhu, Zhichun},
 title = {Mini-rank: Adaptive DRAM architecture for improving memory power efficiency},
 booktitle = {MICRO},
 year = {2008},
} 
@inproceedings{Wu2004,
 author = {Wu, Qiang and Juang, Philo and Martonosi, Margaret and Clark, Douglas W.},
 title = {Formal online methods for voltage/frequency control in multiple clock domain microprocessors},
 booktitle = {ASPLOS},
 year = {2004},
} 

@article{arstechnica,
  title={{The many tricks {{Intel Skylake}} uses to go faster and use less power}},
  author={Peter Bright},
  journal={Ars Technica},
  month=aug,
  year={2015},
  day=18,
  url={http://arstechnica.com/information-technology/2015/08/the-many-tricks-intel-skylake-uses-to-go-faster-and-use-less-power/},
}

@article{SpeedShift,
  title={{An overview of the 6th generation {{Intel Core}} processor (code-named {{Skylake}})}},
  author={{Meghana R.}},
  journal={Intel Developer Zone},
  month=mar,
  year={2016},
  day=23,
  url={https://software.intel.com/en-us/articles/an-overview-of-the-6th-generation-intel-core-processor-code-named-skylake},
}

@inproceedings{josep-isca2016,
  title={Using Multiple Input, Multiple Output Formal Control to Maximize Resource Efficiency in Architectures},
  author={Raghavendra Pothukuchi and Amin Ansari and Petros Voulgaris and Josep Torrellas},
  booktitle = {ISCA},
  year={2016}
}

@inproceedings{SWiFT,
 author = {Ashvin Goel and David Steere and Calton Pu and Jonathan Walpole},
 title = {{{SWiFT}}: A Feedback Control and Dynamic Reconfiguration Toolkit},
 year = {1998},
 removed_publisher = {},
 booktitle = {2nd USENIX Windows NT Symposium},
}


@inproceedings{HPPAC2015,
  author    = {Daniel Hackenberg and
               Robert Sch{\"{o}}ne and
               Thomas Ilsche and
               Daniel Molka and
               Joseph Schuchart and
               Robin Geyer},
  title     = {An Energy Efficiency Feature Survey of the Intel Haswell Processor},
  booktitle = {HPPAC},
  _pages     = {896--904},
  year      = {2015},
  _crossref  = {DBLP:conf/ipps/2015w},
  url       = {http://dx.doi.org/10.1109/IPDPSW.2015.70},
  doi       = {10.1109/IPDPSW.2015.70},
  timestamp = {Wed, 04 May 2016 15:14:48 +0200},
  biburl    = {http://dblp.uni-trier.de/rec/bib/conf/ipps/HackenbergSIMSG15},
  bibsource = {dblp computer science bibliography, http://dblp.org}
}

@inproceedings{Felter2005,
 author = {Felter, Wes and Rajamani, Karthick and Keller, Tom and Rusu, Cosmin},
 title = {A performance-conserving approach for reducing peak power consumption in server systems},
 booktitle = {ICS},
 year = {2005},
} 
@article{packandcap-new,
  author    = {Sherief Reda and
               Ryan Cochran and
               Ayse Kivilcim Coskun},
  title     = {Adaptive Power Capping for Servers with Multithreaded Workloads},
  journal   = {{IEEE} Micro},
  volume    = {32},
  number    = {5},
  removed_pages     = {64--75},
  year      = {2012},
  removed_url       = {http://dx.doi.org/10.1109/MM.2012.59},
  removed_doi       = {10.1109/MM.2012.59},
  timestamp = {Wed, 09 Dec 2015 09:57:01 +0100},
  biburl    = {http://dblp.uni-trier.de/rec/bib/journals/micro/RedaCC12},
  bibsource = {dblp computer science bibliography, http://dblp.org}
}

@article{MittalSurvey,
  author    = {Sparsh Mittal},
  title     = {A survey of techniques for improving energy efficiency in embedded
               computing systems},
  journal   = {{IJCAET}},
  volume    = {6},
  number    = {4},
  removed_pages     = {440--459},
  year      = {2014},
  removed_url       = {http://dx.doi.org/10.1504/IJCAET.2014.065419},
  removed_doi       = {10.1504/IJCAET.2014.065419},
  removed_timestamp = {Thu, 27 Nov 2014 11:07:24 +0100},
  biburl    = {http://dblp.uni-trier.de/rec/bib/journals/ijcaet/Mittal14},
  bibsource = {dblp computer science bibliography, http://dblp.org}
}

@article{ZhuralevSurvey,
  author    = {Sergey Zhuravlev and
               Juan Carlos Saez and
               Sergey Blagodurov and
               Alexandra Fedorova and
               Manuel Prieto},
  title     = {Survey of Energy-Cognizant Scheduling Techniques},
  journal   = {{IEEE} Trans. Parallel Distrib. Syst.},
  volume    = {24},
  number    = {7},
  removed_pages     = {1447--1464},
  year      = {2013},
  removed_url       = {http://dx.doi.org/10.1109/TPDS.2012.20},
  removed_doi       = {10.1109/TPDS.2012.20},
  removed_timestamp = {Fri, 04 Mar 2016 19:57:03 +0100},
  removed_biburl    = {http://dblp.uni-trier.de/rec/bib/journals/tpds/ZhuravlevSBFP13},
  removed_bibsource = {dblp computer science bibliography, http://dblp.org}
}


@article{lefurgy2008power,
  title={{Power capping: a prelude to power shifting}},
  author={Lefurgy, C. and Wang, X. and Ware, M.},
  journal={Cluster Computing},
  volume={11},
  number={2},
  removed_pages={183--195},
  year={2008},
  removed_publisher={Springer}
}

@inproceedings{Winter2010,
 author = {Winter, Jonathan A. and Albonesi, David H. and Shoemaker, Christine A.},
 title = {Scalable thread scheduling and global power management for heterogeneous many-core architectures},
 booktitle = {PACT},
 year = {2010},
} 

@inproceedings{Isci2006,
 author = {Isci, Canturk and Buyuktosunoglu, Alper and Cher, Chen-Yong and Bose, Pradip and Martonosi, Margaret},
 title = {An Analysis of Efficient Multi-Core Global Power Management Policies: Maximizing Performance for a Given Power Budget},
 booktitle = {MICRO},
 year = {2006},

} 

@inproceedings{adaptiveCache,
 author = {Balasubramonian, Rajeev and Albonesi, David and Buyuktosunoglu, Alper and Dwarkadas, Sandhya},
 title = {Memory hierarchy reconfiguration for energy and performance in general-purpose processor architectures},
 booktitle = {MICRO},
 year = {2000}
} 

@inproceedings{chen2011,
 author = {Chen, Jian and John, Lizy Kurian},
 title = {Predictive coordination of multiple on-chip resources for chip multiprocessors},
 booktitle = {ICS},
 year = {2011}
} 

@inproceedings{JouleGuard,
  author    = {Henry Hoffmann},
  title     = {JouleGuard: energy guarantees for approximate applications},
  booktitle = {Proceedings of the 25th Symposium on Operating Systems Principles,
               {SOSP} 2015, Monterey, CA, USA, October 4-7, 2015},
  _pages     = {198--214},
  year      = {2015},
  _crossref  = {DBLP:conf/sosp/2015},
  _url       = {http://doi.acm.org/10.1145/2815400.2815403},
  _doi       = {10.1145/2815400.2815403},
  _timestamp = {Fri, 02 Oct 2015 08:59:57 +0200},
  _biburl    = {http://dblp.uni-trier.de/rec/bib/conf/sosp/Hoffmann15},
  _bibsource = {dblp computer science bibliography, http://dblp.org}
}


@inproceedings{LEO,
  author    = {Nikita Mishra and
               Huazhe Zhang and
               John D. Lafferty and
               Henry Hoffmann},
  title     = {A Probabilistic Graphical Model-based Approach for Minimizing Energy
               Under Performance Constraints},
  booktitle = {ASPLOS},
  _pages     = {267--281},
  year      = {2015},
  _crossref  = {DBLP:conf/asplos/2015},
  _url       = {http://doi.acm.org/10.1145/2694344.2694373},
  _doi       = {10.1145/2694344.2694373},
  _timestamp = {Thu, 26 Feb 2015 17:21:18 +0100},
  _biburl    = {http://dblp.uni-trier.de/rec/bib/conf/asplos/MishraZLH15},
  _bibsource = {dblp computer science bibliography, http://dblp.org}
}

@inproceedings{CALOREE,
  author    = {Nikita Mishra and
               Connor Imes and
               John D. Lafferty and
               Henry Hoffmann},
  title     = {{{CALOREE}}: Learning Control for Predictable Latency and Low Energy},
  booktitle = {ASPLOS},
  year      = {2018},
}

@inproceedings{pupil,
  author    = {Huazhe Zhang and
               Henry Hoffmann},
  title     = {Maximizing Performance Under a Power Cap: {A} Comparison of Hardware,
               Software, and Hybrid Techniques},
  booktitle = {ASPLOS},
  _pages     = {545--559},
  year      = {2016},
  _crossref  = {DBLP:conf/asplos/2016},
  _url       = {http://doi.acm.org/10.1145/2872362.2872375},
  _doi       = {10.1145/2872362.2872375},
  _timestamp = {Thu, 31 Mar 2016 18:07:43 +0200},
  _biburl    = {http://dblp.uni-trier.de/rec/bib/conf/asplos/ZhangH16},
  _bibsource = {dblp computer science bibliography, http://dblp.org}
}


@inproceedings{kim-cpsna2015,
  author    = {David H. K. Kim and
               Connor Imes and
               Henry Hoffmann},
  title     = {Racing and Pacing to Idle: Theoretical and Empirical Analysis of Energy
               Optimization Heuristics},
  booktitle = {CPSNA},
  _pages     = {78--85},
  year      = {2015},
  _crossref  = {DBLP:conf/cpsna/2015},
  _url       = {http://dx.doi.org/10.1109/CPSNA.2015.23},
  _doi       = {10.1109/CPSNA.2015.23},
  _timestamp = {Wed, 23 Sep 2015 16:52:15 +0200},
  _biburl    = {http://dblp.uni-trier.de/rec/bib/conf/cpsna/KimIH15},
  _bibsource = {dblp computer science bibliography, http://dblp.org}
}

@inproceedings{icac2010heartbeats,
  author    = {Henry Hoffmann and
               Jonathan Eastep and
               Marco D. Santambrogio and
               Jason E. Miller and
               Anant Agarwal},
  title     = {{{Application Heartbeats}}: A Generic Interface for Specifying Program
               Performance and Goals in Autonomous Computing Environments},
  booktitle = {ICAC},
  _pages     = {79--88},
  year      = {2010},
  _crossref  = {DBLP:conf/icac/2010},
  _url       = {http://doi.acm.org/10.1145/1809049.1809065},
  _doi       = {10.1145/1809049.1809065},
  _timestamp = {Thu, 28 Jan 2016 09:44:06 +0100},
  _biburl    = {http://dblp.uni-trier.de/rec/bib/conf/icac/HoffmannESMA10},
  _bibsource = {dblp computer science bibliography, http://dblp.org}
}


@inproceedings{POET,
  author    = {Connor Imes and
               David H. K. Kim and
               Martina Maggio and
               Henry Hoffmann},
  title     = {{{POET}}: A Portable Approach to Minimizing Energy Under Soft Real-time Constraints},
  booktitle = {RTAS},
  _pages     = {75--86},
  year      = {2015},
  _crossref  = {DBLP:conf/rtas/2015},
  _url       = {http://dx.doi.org/10.1109/RTAS.2015.7108419},
  _doi       = {10.1109/RTAS.2015.7108419},
  _timestamp = {Thu, 21 May 2015 13:25:24 +0200},
  _biburl    = {http://dblp.uni-trier.de/rec/bib/conf/rtas/ImesKMH15},
  _bibsource = {dblp computer science bibliography, http://dblp.org}
}

@inproceedings{POETMCSoC,
  author    = {Connor Imes and
               David H. K. Kim and
               Martina Maggio and
               Henry Hoffmann},
  title     = {Portable Multicore Resource Management for Applications with Performance Constraints},
  booktitle = {MCSoC},
  year      = {2016},
}


@inproceedings{Bard,
  author    = {Connor Imes and
               Henry Hoffmann},
  title     = {Bard: A Unified Framework for Managing Soft Timing and Power Constraints},
  booktitle = {SAMOS},
  year      = {2016},
}


@inproceedings{energymon,
  author    = {Connor Imes and
               Lars Bergstrom and
               Henry Hoffmann},
  title     = {A Portable Interface for Runtime Energy Monitoring},
  booktitle = {FSE},
  year      = {2016},
}



@inproceedings{sinangil2014self,
  title={A self-aware processor SoC using energy monitors integrated into power converters for self-adaptation},
  author={Sinangil, Yildiz and Neuman, Sabrina M and Sinangil, Mahmut E and Ickes, Nathan and Bezerra, George and Lau, Eric and Miller, Jason E and Hoffmann, Henry C and Devadas, Srini and Chandraksan, Anantha P},
  booktitle={Symposium on VLSI},
  year={2014},
}

@inproceedings{HotPower,
  title={Racing and pacing to idle: an evaluation of heuristics for energy-aware resource allocation},
  author={Hoffmann, Henry},
  booktitle={HotPower},
  year={2013},
}

@inproceedings{Albers,
  author    = {Susanne Albers},
  title     = {Algorithms for Dynamic Speed Scaling},
  booktitle = {STACS},
  year      = {2011},
  removed_pages     = {1-11},
}

@book{Abeni,
  title={Soft Real-Time Systems: Predictability vs. Efficiency},
  author={Buttazzo, Giorgio C and Lipari, Giuseppe and Abeni, Luca and Caccamo, Marco},
  year={2006},
  publisher={Springer}
}


@INPROCEEDINGS{Bertini2007,
author={Bertini, L. and Leite, J.C.B. and Mosse, D.},
booktitle={ECRTS},
title={Statistical QoS Guarantee and Energy-Efficiency in Web Server Clusters},
year={2007},
}

@inproceedings{AbouGhazaleh2007,
 author = {AbouGhazaleh, Nevine and Ferreira, Alexandre and Rusu, Cosmin and Xu, Ruibin and Liberato, Frank and Childers, Bruce and Mosse, Daniel and Melhem, Rami},
 title = {Integrated CPU and L2 Cache Voltage Scaling Using Machine Learning},
 booktitle = {LCTES},
 year = {2007},
} 



@inproceedings{Zhao:2011:GRE:2024724.2024815,
 author = {Zhao, Baoxian and Aydin, Hakan and Zhu, Dakai},
 title = {Generalized Reliability-oriented Energy Management for Real-time Embedded Applications},
 booktitle = {DAC},
 year = {2011},
} 

@inproceedings{Zhao2012,
 author = {Zhao, Baoxian and Aydin, Hakan and Zhu, Dakai},
 title = {Energy Management Under General Task-Level Reliability Constraints},
 booktitle = {RTAS},
 year = {2012},
} 

@inproceedings {Petrucci2012,
author = {Vinivius Petrucci and Orlando Loques and Daniel Mosse},
title = {Lucky Scheduling for Energy-Efficient Heterogeneous Multi-Core Systems},
booktitle = {HotPower},
year = {2012},
}

@INPROCEEDINGS{He2013,
author={Liang He and Lipeng Gu and Linghe Kong and Yu Gu and Cong Liu and Tian He},
booktitle={RTSS},
title={Exploring Adaptive Reconfiguration to Optimize Energy Efficiency in Large-Scale Battery Systems},
year={2013},
}

@inproceedings{Liu2008, 
title={PASS: power-aware scheduling of mixed
applications with deadline constraints on clusters}, 
author={Liu, Cong and Qin, Xiao and Li, Shuang}, 
booktitle={ICCCN},
year={2008} }

@misc{ina231,
 author= {Texas Instruments},
 howpublished = {\url{http://www.ti.com/product/ina231}}
}

@online{powercap,
 author= {Linux Kernel Documentation},
 year = {2015},
 title = {Power Capping Framework},
 url = {https://www.kernel.org/doc/Documentation/power/powercap/powercap.txt}
}

@online{KernelPstate,
  author = {Linux Kernel Documentation},
  year = {2016},
  title = {Intel P-State driver},
  url = {https://www.kernel.org/doc/Documentation/cpu-freq/intel-pstate.txt},
}

@techreport{welch2006kalman,
 author={Greg Welch and Gary Bishop},
 title = {An Introduction to the {{Kalman}} Filter},
 institution = "UNC Chapel Hill, Department of Computer Science",
 number={TR 95-041}
}

@book{LP,
 title = {Applied mathematical programming},
 author = {Bradley, S.P. and Hax, A.C. and Magnanti, T.L.},
 year = {1977},
 removed_publisher = {Addison-Wesley Pub. Co.}
}

@book{Hellerstein2004a,
 author = {Hellerstein, Joseph L. and Diao, Yixin and Parekh, Sujay and Tilbury, Dawn M.},
 title = {Feedback Control of Computing Systems},
 year = {2004},
 isbn = {047126637X},
 removed_publisher = {John Wiley \& Sons},
}

@book{Hoelzle2009,
 author = {Hoelzle, Urs and Barroso, Luiz Andre},
 title = {The Datacenter as a Computer: An Introduction to the Design of Warehouse-Scale Machines},
 year = {2009},
 edition = {1st},
 removed_publisher = {Morgan and Claypool Publishers},
} 

@inproceedings{CoAdapt,
 author = {Henry Hoffmann},
 title = {CoAdapt: Predictable Behavior for Accuracy-Aware Applications Running on Power-Aware Systems},
 booktitle = {ECRTS},
 year = {2014},
}

@article{google,
 author = {Barroso, Luiz Andr{\'e} and H\"{o}lzle, Urs},
 title = {The Case for Energy-Proportional Computing},
 journal = {Computer},
 issue_date = {December 2007},
 volume = {40},
 number = {12},
 month = dec,
 year = {2007},
 removed_issn = {0018-9162},
 removed_pages = {33--37},
 numremoved_pages = {5},
 removed_url = {http://dx.doi.org/10.1109/MC.2007.443},
 removed_doi = {10.1109/MC.2007.443},
 removed_acmid = {1339894},
 removed_publisher = {IEEE Computer Society Press},
 removed_address = {Los Alamitos, CA, USA},
 removed_keywords = {energy-proportional computing, green computing, green computing, energy-proportional computing},
} 

@inproceedings{RAPL,
 author = {David, Howard and Gorbatov, Eugene and Hanebutte, Ulf R. and Khanna, Rahul and Le, Christian},
 title = {{{RAPL}}: Memory Power Estimation and Capping},
 booktitle = {ISLPED},
 year = {2010},
} 

@inproceedings{parsec,
 author = {Bienia, Christian and Kumar, Sanjeev and Singh, Jaswinder Pal and Li, Kai},
 title = {The {{PARSEC}} Benchmark Suite: Characterization and Architectural Implications},
 removed_booktitle = {17th Conference on Parallel Architectures and Compilation Techniques},
 booktitle = {PACT},
 removed_series = {PACT '08},
 year = {2008},
 removed_isbn = {978-1-60558-282-5},
 removed_location = {Toronto, Ontario, Canada},
 removed_pages = {72--81},
 numremoved_pages = {10},
 removed_url = {http://doi.acm.org/10.1145/1454115.1454128},
 removed_doi = {10.1145/1454115.1454128},
 acmid = {1454128},
 removed_publisher = {ACM},
 removed_address = {New York, NY, USA},
 removed_keywords = {benchmark suite, multithreading, performance measurement, shared-memory computers},
} 

@online{swish,
 author = {Paul J. Lucas},
 title = {{{SWISH++}}},
 url = {http://swishplusplus.sourceforge.net/},
 year = {2014},
 month = {April},
 day = {28},
}

@online{lwn602479,
 author = {Pitre, Nicolas},
 year = {2014},
 title = {Teaching the scheduler about power management},
 url = {http://lwn.net/Articles/602479/}
}

@misc{LinaroEAS,
 author = {Kucheria, Amit},
 year = {2015},
 title = {Energy-Aware Scheduling (EAS) Project},
 url = {https://www.linaro.org/blog/core-dump/energy-aware-scheduling-eas-project/},
}

@INPROCEEDINGS{minebench,
author={Narayanan, R. and Ozisikyilmaz, B. and Zambreno, J. and Memik, G. and Choudhary, A.},
booktitle={IISWC},
title={{{MineBench}}: A Benchmark Suite for Data Mining Workloads},
year={2006},
}

@inproceedings{Bitirgen2008,
 author = {Bitirgen, Ramazan and Ipek, Engin and Martinez, Jose F.},
 title = {Coordinated Management of Multiple Interacting Resources in Chip Multiprocessors: A Machine Learning Approach},
 booktitle = {MICRO},
 year = {2008},
} 

@article{CaoSchwartz2003,
 author = {Cao, Liyu and Schwartz, Howard M.},
 title = {Analysis of the Kalman Filter Based Estimation Algorithm: An Orthogonal Decomposition Approach},
 journal = {Automatica},
 issue_date = {January, 2004},
 volume = {40},
 number = {1},
 removed_month = jan,
 year = {2004},
 issn = {0005-1098},
 removed_pages = {5--19},
 numremoved_pages = {15},
 url = {http://dx.doi.org/10.1016/j.automatica.2003.07.011},
 doi = {10.1016/j.automatica.2003.07.011},
 acmid = {2239766},
 removed_publisher = {Pergamon Press, Inc.},
 removed_address = {Tarrytown, NY, USA},
 keywords = {Directional tracking, Kalman filter, Least squares algorithm, Recursive parameter estimation, Windup},
} 

@inproceedings{Cao2008,
 author = {Cao, Qing and Fesehaye, Debessay and Pham, Nam and Sarwar, Yusuf and Abdelzaher, Tarek},
 title = {Virtual Battery: An Energy Reserve Abstraction for Embedded Sensor Networks},
 booktitle = {RTSS},
 year = {2008},
} 

@inproceedings{Carroll13,
 author = {Carroll, Aaron and Heiser, Gernot},
 title = {Mobile Multicores: Use Them or Waste Them},
 booktitle = {HotPower},
 year = {2013},
} 

@article{Cheng2009,
  author    = {Hui Cheng and
               Steve Goddard},
  title     = {{SYS-EDF:} a system-wide energy-efficient scheduling algorithm for
               hard real-time systems},
  journal   = {{IJES}},
  year      = {2009},
  volume    = {4},
  number    = {2},
  removed_pages = {141--151},
  url       = {http://dx.doi.org/10.1504/IJES.2009.027938},
  doi       = {10.1504/IJES.2009.027938},
  timestamp = {Fri, 17 Oct 2014 22:33:03 +0200},
  biburl    = {http://dblp.uni-trier.de/rec/bib/journals/ijes/ChengG09},
  bibsource = {dblp computer science bibliography, http://dblp.org}
}

@inproceedings{dubach2010,
 author = {Dubach, Christophe and Jones, Timothy M. and Bonilla, Edwin V. and O'Boyle, Michael F. P.},
 title = {A Predictive Model for Dynamic Microarchitectural Adaptivity Control},
 booktitle = {MICRO},
 year = {2010},
} 

@inproceedings{ICSE2014,
 author = {Filieri, Antonio and Hoffmann, Henry and Maggio, Martina},
 title = {Automated Design of Self-adaptive Software with Control-theoretical Formal Guarantees},
 booktitle = {ICSE},
 year = {2014},
} 

@article{Flinn2004,
 author = {Flinn, Jason and Satyanarayanan, M.},
 title = {Managing Battery Lifetime with Energy-aware Adaptation},
 journal = {ACM Trans. Comput. Syst.},
 issue_date = {May 2004},
 volume = {22},
 number = {2},
 removed_month = may,
 year = {2004},
 issn = {0734-2071},
 removed_pages = {137--179},
 numremoved_pages = {43},
 url = {http://doi.acm.org/10.1145/986533.986534},
 doi = {10.1145/986533.986534},
 acmid = {986534},
 removed_publisher = {ACM},
 removed_address = {New York, NY, USA},
 keywords = {Power management, adaptation},
} 

@inproceedings{Fu2012,
 author = {Fu, Yong and Kottenstette, Nicholas and Lu, Chenyang and Koutsoukos, Xenofon D.},
 title = {Feedback Thermal Control of Real-time Systems on Multicore Processors},
 booktitle = {EMSOFT},
 year = {2012},
} 

@inproceedings{Hoffmann2012,
 author = {Hoffmann, Henry and Holt, Jim and Kurian, George and Lau, Eric and Maggio, Martina and Miller, Jason E. and Neuman, Sabrina M. and Sinangil, Mahmut and Sinangil, Yildiz and Agarwal, Anant and Chandrakasan, Anantha P. and Devadas, Srinivas},
 title = {Self-aware Computing in the Angstrom Processor},
 booktitle = {49th Annual Design Automation Conference},
 removed_series = {DAC '12},
 year = {2012},
 isbn = {978-1-4503-1199-1},
 removed_location = {San Francisco, California},
 removed_pages = {259--264},
 numremoved_pages = {6},
 url = {http://doi.acm.org/10.1145/2228360.2228409},
 doi = {10.1145/2228360.2228409},
 acmid = {2228409},
 removed_publisher = {ACM},
 removed_address = {New York, NY, USA},
 keywords = {adaptive systems, self-aware computing},
} 

@INPROCEEDINGS{PTRADE, 
author={Hoffmann, H. and Maggio, M. and Santambrogio, M.D. and Leva, A. and Agarwal, A.}, 
booktitle={EMSOFT}, 
title={A generalized software framework for accurate and efficient management of performance goals}, 
year={2013}, 
removed_month={Sept}, 
removed_pages = {1-10}, 
removed_keywords={Linux;power aware computing;software performance evaluation;Linux-x86 systems;PTRADE;generalized software framework;performance goal management;performance management framework;power consumption minimization;run-time performance;simulated 128-core system;Actuators;Benchmark testing;Heart beat;Power demand;Runtime;Adaptive Systems;Power-aware Computing;Self-aware Computing}, 
removed_doi={10.1109/EMSOFT.2013.6658597},
}

@inproceedings{Imes2014,
 author = {Connor Imes and Henry Hoffmann},
 title = {Minimizing Energy Under Performance Constraints on Embedded Platforms: Resource Allocation Heuristics for Homogeneous and Single-ISA Heterogeneous Multi-Cores} ,
 booktitle = {EWiLi},
 year=2014,
}

@ARTICLE{parmibench, 
author={Iqbal, S.M.Z. and Yuchen Liang and Grahn, H.}, 
journal={Computer Architecture Letters}, 
title={ParMiBench - An Open-Source Benchmark for Embedded Multiprocessor Systems}, 
year={2010}, 
removed_month={Feb}, 
volume={9}, 
number={2}, 
removed_pages = {45-48}, 
keywords={benchmark testing;embedded systems;multiprocessing systems;parallel architectures;public domain software;ParMiBench;desktop;embedded multiprocessor system;embedded system market;intensive algorithm;laptop;open-source benchmark;parallel implementation;uniprocessor benchmark suite;Benchmark testing;Embedded system;Load management;Multicore processing;Performance evaluation;Program processors;Security;Concurrent Programming;Multiprocessor Systems;Performance Evaluation}, 
doi={10.1109/L-CA.2010.14}, 
ISSN={1556-6056},}

@inproceedings{biglittle,
  author    = {Brian Jeff},
  title     = {Big.LITTLE system architecture from {ARM:} saving power through heterogeneous
               multiprocessing and task context migration},
  booktitle = {DAC},
  year      = {2012},
  removed_pages = {1143--1146},
  url       = {http://doi.acm.org/10.1145/2228360.2228569},
  doi       = {10.1145/2228360.2228569},
  timestamp = {Fri, 17 Oct 2014 22:41:31 +0200},
  biburl    = {http://dblp.uni-trier.de/rec/bib/conf/dac/Jeff12},
  bibsource = {dblp computer science bibliography, http://dblp.org}
}

@article{xtune,
 author = {Kim, Minyoung and Stehr, Mark-Oliver and Talcott, Carolyn and Dutt, Nikil and Venkatasubramanian, Nalini},
 title = {xTune: A Formal Methodology for Cross-layer Tuning of Mobile Embedded Systems},
 journal = {ACM TECS},
 issue_date = {December 2012},
 volume = {11},
 number = {4},
 removed_month = jan,
 year = {2013},
 issn = {1539-9087},
 removed_pages = {73:1--73:23},
 articleno = {73},
 numremoved_pages = {23},
 url = {http://doi.acm.org/10.1145/2362336.2362340},
 doi = {10.1145/2362336.2362340},
 acmid = {2362340},
 removed_publisher = {ACM},
 removed_address = {New York, NY, USA},
 keywords = {Cross-layer optimization, formal methods, iterative tuning},
}

@inproceedings{LeSueur11,
 author = {Le Sueur, Etienne and Heiser, Gernot},
 title = {Slow Down or Sleep, That is the Question},
 booktitle = {USENIX ATC},
 year = {2011},
 removed_location = {Portland, OR},
 removed_pages = {16--16},
 numremoved_pages = {1},
 url = {http://dl.acm.org/citation.cfm?id=2002181.2002197},
 acmid = {2002197},
 removed_publisher = {USENIX Association},
 removed_address = {Berkeley, CA, USA},
} 

@ARTICLE{Agilos, 
author={Baochun Li and Nahrstedt, K.}, 
journal={IEEE Journal on Selected Areas in Communications}, 
title={A control-based middleware framework for quality-of-service adaptations}, 
year={1999}, 
removed_month={Sep}, 
volume={17}, 
number={9}, 
removed_pages = {1632-1650}, 
keywords={client-server systems;computer networks;fuzzy control;multimedia communication;quality of service;telecommunication control;QoS adaptation decisions;adaptation mechanisms;application-specific requirements;control-based middleware framework;critical application quality parameters;distributed multimedia application;distributed visual tracking;dynamic control;fairness;functionalities;fuzzy control model;heterogeneous environments;internal parameters;middleware control framework;performance variation;quality-of-service adaptations;resource availability;system resources;system-wide properties;task control model;Availability;Bandwidth;Control systems;Mechanical factors;Middleware;NASA;Operating systems;Protocols;Quality of service;Resource management}, 
doi={10.1109/49.790486}, 
ISSN={0733-8716},}

@article{Li2007,
 author = {Li, Xiaodong and Gupta, Ritu and Adve, Sarita V. and Zhou, Yuanyuan},
 title = {Cross-component Energy Management: Joint Adaptation of Processor and Memory},
 removed_journal = {ACM Trans. Archit. Code Optim.},
 journal = {ACM TACO},
 issue_date = {September 2007},
 volume = {4},
 number = {3},
 removed_month = sep,
 year = {2007},
 removed_issn = {1544-3566},
 articleno = {14},
 removed_url = {http://doi.acm.org/10.1145/1275937.1275938},
 removed_doi = {10.1145/1275937.1275938},
 removed_acmid = {1275938},
 removed_publisher = {ACM},
 removed_address = {New York, NY, USA},
 removed_keywords = {Energy management, adaptive systems, control algorithms, low-power design, memory, performance guarantee, processor},
} 

@inproceedings{Lin2010,
 author = {Lin, Jian (Denny) and Song, Wei and Cheng, Albert M.K.},
 title = {Real-energy: A New Framework and a Case Study to Evaluate Power-aware Real-time Scheduling Algorithms},
 booktitle = {ISLPED},
 year = {2010},
 isbn = {978-1-4503-0146-6},
 removed_location = {Austin, Texas, USA},
 removed_pages = {153--158},
 numremoved_pages = {6},
 url = {http://doi.acm.org/10.1145/1840845.1840877},
 doi = {10.1145/1840845.1840877},
 acmid = {1840877},
 removed_publisher = {ACM},
 removed_address = {New York, NY, USA},
 keywords = {dynamic voltage scaling, leakage-aware, power-aware scheduling algorithms, real-time and embedded systems},
} 

@inproceedings {KaramanolisEtAl-2005a,
   removed_address   = {Berkeley, CA, USA},
   author    = {C. Karamanolis and M. Karlsson and X. Zhu},
   booktitle = {HotOS},
   title     = {Designing controllable computer systems},
   year      = {2005},
}


@inproceedings{Maggio13,
 author = {Martina Maggio and Enrico Bini and Georgios Chasparis and 
   Karl-Erik {\AA}rz\'en},
 title = {A Game-Theoretic Resource Manager for RT Applications},
 booktitle = {Conference on Real-Time Systems (ECRTS)},
 year = {2013},
 removed_location = {Paris, France},
 removed_pages = {57--66},
}

@ARTICLE{TCST, 
author={Maggio, M. and Hoffmann, H. and Santambrogio, M.D. and Agarwal, A. and Leva, A.}, 
journal={IEEE TCST}, 
title={Power Optimization in Embedded Systems via Feedback Control of Resource Allocation}, 
year={2013}, 
removed_month={Jan}, 
volume={21}, 
number={1}, 
removed_pages = {239-246}, 
removed_keywords={computer architecture;embedded systems;feedback;optimisation;power aware computing;resource allocation;architecture design;computationally lightweight control laws;control-theoretical methodology;embedded systems;feedback control;over-provisioned resources;power consumption;power optimization;resource allocation;resource usage;Actuators;Computer architecture;Encoding;Feedback control;Hardware;Power demand;Sensors;Computing systems;control systems;embedded systems;power consumption;self-adaptive systems}, 
removed_doi={10.1109/TCST.2011.2177499}, 
removed_ISSN={1063-6536},
}

@ARTICLE{STREAM,
  author = {John D. McCalpin},
  title = {Memory Bandwidth and Machine Balance in Current High Performance
  Computers},
  journal = {IEEE TCCA Newsletter},
  year = {1995},
  removed_pages = {19--25},
  removed_month = dec,
  abstract = {The ratio of cpu speed to memory speed in current high-performance
  computers is growing rapidly, with significant implications for the
  design and implementation of algorithms in scientific computing.
  I present the results of a broad survey of memory bandwidth and machine
  balance for a large variety of current computers, including uniprocessors,
  vector processors, shared-memory systems, and districuted-memory
  systems. The results are analyzed in terms of the sustainable data
  transfer rates for uncached unit-stride vector operation for each
  machine, and for each class.},
  pdf = {http://tab.computer.org/tcca/NEWS/DEC95/dec95_mccalpin.ps}
}

@inproceedings{MeisnerISCA2011,
 author = {Meisner, David and Sadler, Christopher M. and Barroso, Luiz Andr{\'e} and Weber, Wolf-Dietrich and Wenisch, Thomas F.},
 title = {Power Management of Online Data-intensive Services},
 removed_booktitle = {38th Annual Symposium on Computer Architecture},
 booktitle = {ISCA},
 removed_series = {ISCA '11},
 year = {2011},
 removed_isbn = {978-1-4503-0472-6},
 removed_location = {San Jose, California, USA},
 removed_pages = {319--330},
 numremoved_pages = {12},
 removed_url = {http://doi.acm.org/10.1145/2000064.2000103},
 removed_doi = {10.1145/2000064.2000103},
 acmid = {2000103},
 removed_publisher = {ACM},
 removed_address = {New York, NY, USA},
 removed_keywords = {power management, servers},
}

@inproceedings{PowerSlope,
 author = {Miyoshi, Akihiko and Lefurgy, Charles and Van Hensbergen, Eric and Rajamony, Ram and Rajkumar, Raj},
 title = {Critical Power Slope: Understanding the Runtime Effects of Frequency Scaling},
 booktitle = {ICS},
 year = {2002},
 isbn = {1-58113-483-5},
 removed_location = {New York, New York, USA},
 removed_pages = {35--44},
 numremoved_pages = {10},
 url = {http://doi.acm.org/10.1145/514191.514200},
 doi = {10.1145/514191.514200},
 acmid = {514200},
 removed_publisher = {ACM},
 removed_address = {New York, NY, USA},
 keywords = {energy aware computing},
} 

@article{Sojka,
  author    = {Michal Sojka and
               Pavel P{\'{\i}}sa and
               Dario Faggioli and
               Tommaso Cucinotta and
               Fabio Checconi and
               Zdenek Hanz{\'{a}}lek and
               Giuseppe Lipari},
  title     = {Modular software architecture for flexible reservation mechanisms
               on heterogeneous resources},
  journal   = {Journal of Systems Architecture - Embedded Systems Design},
  year      = {2011},
  volume    = {57},
  number    = {4},
  removed_pages = {366--382},
  url       = {http://dx.doi.org/10.1016/j.sysarc.2011.02.005},
  doi       = {10.1016/j.sysarc.2011.02.005},
  timestamp = {Fri, 17 Oct 2014 22:49:05 +0200},
  biburl    = {http://dblp.uni-trier.de/rec/bib/journals/jsa/SojkaPFCCHL11},
  bibsource = {dblp computer science bibliography, http://dblp.org}
}

@inproceedings{dvfs,
 author = {Pering, Trevor and Burd, Tom and Brodersen, Robert},
 title = {The Simulation and Evaluation of Dynamic Voltage Scaling Algorithms},
 booktitle = {ISLPED},
 year = {1998},
 isbn = {1-58113-059-7},
 removed_location = {Monterey, California, USA},
 removed_pages = {76--81},
 numremoved_pages = {6},
 url = {http://doi.acm.org/10.1145/280756.280790},
 doi = {10.1145/280756.280790},
 acmid = {280790},
 removed_publisher = {ACM},
 removed_address = {New York, NY, USA},
} 

@inproceedings{Rajkumar,
 author = {Rajkumar, R. and Lee, C. and Lehoczky, J. and Siewiorek, D.},
 title = {A Resource Allocation Model for QoS Management},
 booktitle = {RTSS},
 year = {1997},
 isbn = {0-8186-8268-X},
 removed_pages = {298--},
 url = {http://dl.acm.org/citation.cfm?id=827269.828990},
 acmid = {828990},
 removed_publisher = {IEEE Computer Society},
 removed_address = {Washington, DC, USA},
 keywords = {Q-RAM, QoS management, application utility functions, application-specific quality requirements, concurrent applications, cryptographic security, data quality, data security, distributed systems, multimedia systems, networking, quality of service, real-time systems, resource allocation, resource allocation model, system reliability, timeliness, timing, videoconferencing system},
} 

@inproceedings{SandyBridge,
  author    = {Efi Rotem and Alon Naveh and Doron Rajwan amd Avinash Ananthakrishnan and Eli Weissmann},
  title     = "{Power management architecture of the 2nd generation {{Intel Core}} microarchitecture, formerly codenamed {{Sandy Bridge}}}",
  booktitle = {Hot Chips},
  removed_month = aug,
  year      = {2011},
}

@INPROCEEDINGS{skylake,
  author={E. Fayneh and M. Yuffe and E. Knoll and M. Zelikson and M. Abozaed and Y. Talker and Z. Shmuely and S. A. Rahme},
  removed_booktitle={2016 IEEE International Solid-State Circuits Conference (ISSCC)},
  booktitle={ISSCC},
  title={4.1 14nm 6th-generation Core processor SoC with low power consumption and improved performance},
  year={2016},
  removed_pages={72-73},
  removed_keywords={CMOS digital integrated circuits;cache storage;circuit optimisation;graphics processing units;image processing;logic design;low-power electronics;microprocessor chips;power consumption;system-on-chip;CPU;DDR3-LPDDR3-DDR4;HDMI;IPU;Intel 6th generation Core processor;LLC;OPIO bus;PCH;SKL block diagram;SKL product family;Skylake;SoC;TDP;display IO ports;display engine;execution units;fanless PC platforms;graphic processor;image processing unit;last-level cache;mobile SKU;on-package IO bus;peripheral control hub;power consumption;size 14 nm;system battery life;system-on-chip;thermal design point;trigate CMOS 11-metal-layer technology;Batteries;Clocks;Logic gates;Optimization;Phase locked loops;Power demand;Program processors},
  removed_doi={10.1109/ISSCC.2016.7417912},
month={Jan},
}


@article{METE,
 author = {Sharifi, Akbar and Srikantaiah, Shekhar and Mishra, Asit K. and Kandemir, Mahmut and Das, Chita R.},
 title = {METE: Meeting End-to-end QoS in Multicores Through System-wide Resource Management},
 journal = {SIGMETRICS PER},
 issue_date = {June 2011},
 volume = {39},
 number = {1},
 removed_month = jun,
 year = {2011},
 removed_issn = {0163-5999},
 removed_pages = {13--24},
 removed_numpages = {12},
 removed_url = {http://doi.acm.org/10.1145/2007116.2007119},
 removed_doi = {10.1145/2007116.2007119},
 acmid = {2007119},
 removed_publisher = {ACM},
 removed_address = {New York, NY, USA},
 removed_keywords = {control theory, end-to-end qos, resource management},
} 

@inproceedings{Sharma:2003:PQM:956418.956602,
 author = {Sharma, Vivek and Thomas, Arun and Abdelzaher, Tarek and Skadron, Kevin and Lu, Zhijian},
 title = {Power-aware QoS Management in Web Servers},
 booktitle = {RTSS},
 year = {2003},
 isbn = {0-7695-2044-8},
 removed_pages = {63--},
 url = {http://dl.acm.org/citation.cfm?id=956418.956602},
 acmid = {956602},
 removed_publisher = {IEEE Computer Society},
 removed_address = {Washington, DC, USA},
 keywords = {Dynamic Voltage Scaling, Web Servers, AperiodicTask Scheduling, Utilization Bounds, Linux},
}

@INPROCEEDINGS{exynos5, 
author={Youngmin Shin and Ken Shin and Kenkare, P. and Kashyap, R. and Hoi-Jin Lee and DongJoo Seo and Millar, B. and Yohan Kwon and Iyengar, R. and Min-Su Kim and Chowdhury, A. and Sung-il Bae and Inpyo Hong and Wookyeong Jeong and Lindner, A. and Ukrae Cho and Hawkins, K. and Jae Cheol Son and Seung Ho Hwang}, 
booktitle={ISSCC}, 
title={28nm high- metal-gate heterogeneous quad-core CPUs for high-performance and energy-efficient mobile application processor}, 
year={2013}, 
removed_month = {Feb}, 
removed_pages = {154-155}, 
keywords={high-k dielectric thin films;microprocessor chips;battery life;energy-efficient CPU;energy-efficient mobile application processor;high-k-metal-gate heterogeneous quad-core CPU;high-performance CPU;high-performance mobile devices;multicore CPU configuration;size 28 nm;ubiquitous devices}, 
doi={10.1109/ISSCC.2013.6487678}, 
ISSN={0193-6530},}

@inproceedings{Shye2009,
 author = {Shye, Alex and Scholbrock, Benjamin and Memik, Gokhan},
 title = {Into the Wild: Studying Real User Activity Patterns to Guide Power Optimizations for Mobile Architectures},
 booktitle = {MICRO},
 year = {2009},
 isbn = {978-1-60558-798-1},
 removed_location = {New York, New York},
 removed_pages = {168--178},
 numremoved_pages = {11},
 url = {http://doi.acm.org/10.1145/1669112.1669135},
 doi = {10.1145/1669112.1669135},
 acmid = {1669135},
 removed_publisher = {ACM},
 removed_address = {New York, NY, USA},
} 

@inproceedings{Koala,
 author = {Snowdon, David C. and Le Sueur, Etienne and Petters, Stefan M. and Heiser, Gernot},
 title = {Koala: A Platform for OS-level Power Management},
 booktitle = {EuroSys},
 year = {2009},
 isbn = {978-1-60558-482-9},
 removed_location = {Nuremberg, Germany},
 removed_pages = {289--302},
 numremoved_pages = {14},
 url = {http://doi.acm.org/10.1145/1519065.1519097},
 doi = {10.1145/1519065.1519097},
 acmid = {1519097},
 removed_publisher = {ACM},
 removed_address = {New York, NY, USA},
 keywords = {dynamic voltage scaling, efficiency, energy, modelling, operating systems, power, power management},
} 

@inproceedings{Thiagarajan2012,
 author = {Thiagarajan, Narendran and Aggarwal, Gaurav and Nicoara, Angela and Boneh, Dan and Singh, Jatinder Pal},
 title = {Who Killed My Battery?: Analyzing Mobile Browser Energy Consumption},
 booktitle = {WWW},
 year = {2012},
 isbn = {978-1-4503-1229-5},
 removed_location = {Lyon, France},
 removed_pages = {41--50},
 numremoved_pages = {10},
 url = {http://doi.acm.org/10.1145/2187836.2187843},
 doi = {10.1145/2187836.2187843},
 acmid = {2187843},
 removed_publisher = {ACM},
 removed_address = {New York, NY, USA},
 keywords = {android, energy consumption, mobile browser, offloading computations},
} 

@inproceedings{GRAPE,
  title={{{GRAPE}}: Minimizing energy for {{GPU}} applications with performance requirements},
  author={Santriaji, Muhammad Husni and Hoffmann, Henry},
  booktitle={MICRO},
  _pages={1--13},
  year={2016},
  _organization={IEEE}
}

@article{grace2,
  author    = {Vibhore Vardhan and
               Wanghong Yuan and
               Albert F. Harris III and
               Sarita V. Adve and
               Robin Kravets and
               Klara Nahrstedt and
               Daniel Grobe Sachs and
               Douglas L. Jones},
  title     = {{GRACE-2:} integrating fine-grained application adaptation with global
               adaptation for saving energy},
  journal   = {{IJES}},
  year      = {2009},
  volume    = {4},
  number    = {2},
  removed_pages = {152--169},
  url       = {http://dx.doi.org/10.1504/IJES.2009.027939},
  doi       = {10.1504/IJES.2009.027939},
  timestamp = {Fri, 17 Oct 2014 22:54:31 +0200},
  biburl    = {http://dblp.uni-trier.de/rec/bib/journals/ijes/VardhanYHAKNSJ09},
  bibsource = {dblp computer science bibliography, http://dblp.org}
}

@INPROCEEDINGS{loopscheduling, 
author={Meng Wang and Zili Shao and Xue, C.J. and Sha, E.H.-M.}, 
booktitle={RTCSA}, 
title={Real-Time Loop Scheduling with Leakage Energy Minimization for Embedded VLIW DSP Processors}, 
year={2007}, 
removed_month={Aug}, 
removed_pages = {12-19}, 
keywords={computational complexity;digital signal processing chips;leakage currents;multiprocessing systems;processor scheduling;NP-complete problem;VLIW architecture;embedded VLIW DSP processors;leakage energy minimization loop scheduling algorithm;leakage energy saving;leakage power reduction;minimum leakage energy consumption;real-time instruction-level loop scheduling;real-time loop scheduling;timing constraint;Computer science;Digital signal processing;Dynamic voltage scaling;Embedded computing;Energy consumption;Processor scheduling;Scheduling algorithm;Timing;VLIW;Voltage control}, 
doi={10.1109/RTCSA.2007.60}, 
ISSN={1533-2306},}

@INPROCEEDINGS{Yang2007, 
author={Chuan-Yue Yang and Jian-Jia Chen and Chia-Mei Hung and Tei-Wei Kuo}, 
booktitle={SOCRTD}, 
title={System-Level Energy-Efficiency for Real-Time Tasks}, 
year={2007}, 
removed_month={May}, 
removed_pages = {266-273}, 
keywords={power aware computing;processor scheduling;dynamic voltage scaling;embedded system;energy-efficient scheduling;real-time process scheduling;static scheduling;system energy consumption;Dynamic scheduling;Dynamic voltage scaling;Embedded system;Energy consumption;Energy efficiency;Processor scheduling;Real time systems;Scheduling algorithm;Timing;Voltage control;Embedded Systems;Energy-Efficient Scheduling;Real-Time Process Scheduling.}, 
doi={10.1109/ISORC.2007.55},}

@INPROCEEDINGS{Yun2010, 
author={Heechul Yun and Po-Liang Wu and Arya, A. and Abdelzaher, T. and Cheolgi Kim and Lui Sha}, 
booktitle={ECRTS}, 
title={System-Wide Energy Optimization for Multiple DVS Components and Real-Time Tasks}, 
year={2010}, 
removed_month={July}, 
removed_pages = {133-142}, 
keywords={embedded systems;power aware computing;dynamic voltage and frequency scaling techniques;embedded systems;memory access cycles;multiple DVS components;real-time tasks;system-wide energy optimization;Biological system modeling;Capacitance;Clocks;Energy consumption;Frequency modulation;Memory management;Voltage control;DVS;Energy Optimization;Multi-DVS}, 
doi={10.1109/ECRTS.2010.14}, 
ISSN={1068-3070},}

@INPROCEEDINGS{ControlWare, 
author={Ronghua Zhang and Chenyang Lu and Abdelzaher, T.F. and Stankovic, J.A.}, 
booktitle={ICDCS}, 
title={{{ControlWare}}: a middleware architecture for feedback control of software performance}, 
year={2002}, 
removed_month={}, 
removed_pages = {301-310}, 
removed_keywords={client-server systems;distributed object management;quality of service;ControlWare;Internet services;QoS-control;convergence guarantees;distributed real-time applications;middleware architecture;software performance assurances;Application software;Computer architecture;Control system analysis;Embedded system;Feedback control;Fluctuations;Middleware;Performance analysis;Real time systems;Software performance}, 
removed_doi={10.1109/ICDCS.2002.1022267}, 
removed_ISSN={1063-6927},
}

@inproceedings{ReddiHPCA,
 author = {Zhu, Yuhao and Reddi, Vijay Janapa},
 title = {High-performance and Energy-efficient Mobile Web Browsing on Big/Little Systems},
 booktitle = {HPCA},
 year = {2013},
 isbn = {978-1-4673-5585-8},
 removed_pages = {13--24},
 numremoved_pages = {12},
 url = {http://dx.doi.org/10.1109/HPCA.2013.6522303},
 doi = {10.1109/HPCA.2013.6522303},
 acmid = {2495486},
 removed_publisher = {IEEE Computer Society},
 removed_address = {Washington, DC, USA},
} 

@INPROCEEDINGS{libmsr,
  author={S. Walker and M. McFadden},
  booktitle={HPPAC},
  title={Best Practices for Scalable Power Measurement and Control},
  year={2016},
}

@inproceedings{Lu2002,
 author = {Lu, Zhijian and Hein, Jason and Humphrey, Marty and Stan, Mircea and Lach, John and Skadron, Kevin},
 title = {Control-theoretic Dynamic Frequency and Voltage Scaling for Multimedia Workloads},
 booktitle = {CASES},
 removed_series = {CASES '02},
 year = {2002},
 removed_isbn = {1-58113-575-0},
 removed_location = {Grenoble, France},
 removed_pages = {156--163},
 removed_numpages = {8},
 removed_url = {http://doi.acm.org/10.1145/581630.581654},
 removed_doi = {10.1145/581630.581654},
 acmid = {581654},
 removed_publisher = {ACM},
 removed_address = {New York, NY, USA},
 removed_keywords = {control theoretic, feedback control, frequency/voltage scaling, high performance, low energy, multimedia, power aware, real-time},
} 

@book{Hennessy:2003:CAQ:861856,
 author = {Hennessy, John L. and Patterson, David A.},
 title = {Computer Architecture: A Quantitative Approach},
 year = {2003},
 isbn = {1558607242},
 edition = {3},
 publisher = {Morgan Kaufmann Publishers Inc.},
 address = {San Francisco, CA, USA},
}

@inproceedings{BitWatts,
 author = {Colmant, Maxime and Kurpicz, Mascha and Felber, Pascal and Huertas, Lo\"{\i}c and Rouvoy, Romain and Sobe, Anita},
 title = {Process-level Power Estimation in VM-based Systems},
 booktitle = {Proceedings of the Tenth European Conference on Computer Systems},
 series = {EuroSys '15},
 year = {2015},
 removed_isbn = {978-1-4503-3238-5},
 removed_location = {Bordeaux, France},
 removed_pages = {14:1--14:14},
 removed_articleno = {14},
 removed_numpages = {14},
 removed_url = {http://doi.acm.org/10.1145/2741948.2741971},
 removed_doi = {10.1145/2741948.2741971},
 removed_acmid = {2741971},
 removed_publisher = {ACM},
 removed_address = {New York, NY, USA},
}

@inproceedings{Callisto,
 author = {Harris, Tim and Maas, Martin and Marathe, Virendra J.},
 title = {Callisto: Co-scheduling Parallel Runtime Systems},
 booktitle = {Proceedings of the Ninth European Conference on Computer Systems},
 series = {EuroSys '14},
 year = {2014},
 removed_isbn = {978-1-4503-2704-6},
 removed_location = {Amsterdam, The Netherlands},
 removed_pages = {24:1--24:14},
 removed_articleno = {24},
 removed_numpages = {14},
 removed_url = {http://doi.acm.org/10.1145/2592798.2592807},
 removed_doi = {10.1145/2592798.2592807},
 removed_acmid = {2592807},
 removed_publisher = {ACM},
 removed_address = {New York, NY, USA},
}

@inproceedings{Pandia,
 author = {Goodman, Daniel and Varisteas, Georgios and Harris, Tim},
 title = {Pandia: Comprehensive Contention-sensitive Thread Placement},
 booktitle = {Proceedings of the Twelfth European Conference on Computer Systems},
 series = {EuroSys '17},
 year = {2017},
 removed_isbn = {978-1-4503-4938-3},
 removed_location = {Belgrade, Serbia},
 removed_pages = {254--269},
 removed_numpages = {16},
 removed_url = {http://doi.acm.org/10.1145/3064176.3064177},
 removed_doi = {10.1145/3064176.3064177},
 removed_acmid = {3064177},
 removed_publisher = {ACM},
 removed_address = {New York, NY, USA},
}

@INPROCEEDINGS{WangDVFS,
  author={JiaJie Wang and Patha S. Roop and Alain Girault},
  booktitle={EMSOFT},
  title={Energy and timing aware synchronous programming},
  year={2016},
  removed_volume={},
  removed_number={},
  removed_pages={1-10},
  removed_keywords={power aware computing;program diagnostics;safety-critical software;DVFS;Pareto front;WCEC;WCRT analysis;dynamic voltage frequency scaling;energy aware synchronous programming;safety critical systems;static analysis framework;timing aware synchronous programming;worst-case energy consumption;worst-case reaction time;Algorithm design and analysis;Batteries;Energy consumption;Frequency synchronization;Heuristic algorithms;Time-frequency analysis;Timing},
  removed_doi={10.1145/2968478.2968500},
  removed_ISSN={},
  removed_month={Oct},
}

@INPROCEEDINGS{Huang2014,
  author={Pengcheng Huang and Pratyush Kumar and Georgia Giannopoulou and Lothar Thiele},
  booktitle={EMSOFT},
  title={Energy Efficient DVFS Scheduling for Mixed-Criticality Systems},
  year={2014},
  removed_doi={10.1145/2656045.2656057},
  removed_month={Oct},
}

@INPROCEEDINGS{Kumar2014,
  author={Pratyush Kumar and Lothar Thiele},
  booktitle={EMSOFT},
  title={{{p-YDS}} algorithm: An Optimal Extension of YDS Algorithm to Minimize Expected Energy For Real-Time Jobs},
  year={2014},
  removed_doi={10.1145/2656045.2656065},
  removed_month={Oct},
}

@inproceedings{Bai2017,
 author = {Bai, Yuxin and Lee, Victor W. and Ipek, Engin},
 title = {Voltage Regulator Efficiency Aware Power Management},
 booktitle = {ASPLOS},
 year = {2017},
 removed_isbn = {978-1-4503-4465-4},
 removed_location = {Xi'an, China},
 removed_pages = {825--838},
 removed_numpages = {14},
 removed_url = {http://doi.acm.org/10.1145/3037697.3037717},
 removed_doi = {10.1145/3037697.3037717},
 removed_acmid = {3037717},
 removed_publisher = {ACM},
 removed_address = {New York, NY, USA},
 removed_keywords = {computer architecture, energy, power, thermal management},
}

@INPROCEEDINGS{Krzywda2018,
  author={J. {Krzywda} and A. {Ali-Eldin} and E. {Wadbro} and P. {Östberg} and E. {Elmroth}},
  removed_booktitle={2018 IEEE International Conference on Autonomic Computing (ICAC)},
  booktitle={ICAC},
  title={{{ALPACA}}: Application Performance Aware Server Power Capping},
  year={2018},
  removed_volume={},
  removed_number={},
  removed_pages={41-50},
  removed_keywords={computer centres;Internet;power aware computing;power consumption;quality of service;QoS degradation;ALPACA;application performance aware server power capping;data center operators;peak power consumption;hosted applications;application performance degradation;performance gain;power budget;quality-of-service requirements;power consumption;QoS penalties;MediaWiki;SysBench;Sock Shop;CloudSuite Web Search benchmark;Servers;Power demand;Quality of service;Degradation;Data centers;Actuators;Time factors;power capping;power budgeting;power performance tradeoffs;performance degradation},
  removed_doi={10.1109/ICAC.2018.00014},
  removed_ISSN={2474-0756},
  removed_month={Sep.},
}

@INPROCEEDINGS{HyPPO2018,
  author={M. {Arnaboldi} and R. {Brondolin} and M. D. {Santambrogio}},
  removed_booktitle={2018 IEEE International Conference on Autonomic Computing (ICAC)},
  booktitle={ICAC},
  title={{{HyPPO}}: Hybrid Performance-Aware Power-Capping Orchestrator},
  year={2018},
  removed_volume={},
  removed_number={},
  removed_pages={71-80},
  removed_keywords={cloud computing;computer centres;Internet;optimisation;resource allocation;cloud computing;resource allocation;optimisation;Internet;computer centres;quality of service;learning (artificial intelligence);energy conservation;power aware computing;virtual machines;Power demand;Monitoring;Containers;Servers;Cloud computing;Hybrid power systems;Task analysis;Autonomic power management;ODA;Container orchestration},
  removed_doi={10.1109/ICAC.2018.00017},
  removed_ISSN={2474-0756},
  removed_month={Sep.},
}

@inproceedings{PEGASUS2014,
 author = {Lo, David and Cheng, Liqun and Govindaraju, Rama and Barroso, Luiz Andr{\'e} and Kozyrakis, Christos},
 title = {Towards Energy Proportionality for Large-scale Latency-critical Workloads},
 removed_booktitle = {Proceeding of the 41st Annual International Symposium on Computer Architecuture},
 booktitle = {ISCA},
 removed_series = {ISCA '14},
 year = {2014},
 removed_isbn = {978-1-4799-4394-4},
 removed_location = {Minneapolis, Minnesota, USA},
 removed_pages = {301--312},
 removed_numpages = {12},
 removed_url = {http://dl.acm.org/citation.cfm?id=2665671.2665718},
 removed_acmid = {2665718},
 removed_publisher = {IEEE Press},
 removed_address = {Piscataway, NJ, USA},
}
